<record><leader>00000cas a22000007a 4500</leader><controlfield tag="001">10583910</controlfield><controlfield tag="008">840402d1854185unbuwr ne      0    0eng d</controlfield><datafield ind1=" " ind2=" " tag="010"><subfield code="a">sn 84022824 </subfield></datafield><datafield ind1=" " ind2=" " tag="040"><subfield code="a">NPX</subfield><subfield code="b">eng</subfield><subfield code="c">NPX</subfield><subfield code="d">DLC</subfield><subfield code="d">NYS</subfield><subfield code="d">CNW</subfield><subfield code="d">NVG</subfield><subfield code="d">OCL</subfield><subfield code="d">OCLCG</subfield><subfield code="d">OCLCQ</subfield><subfield code="d">OCLCF</subfield><subfield code="d">OCLCO</subfield></datafield><datafield ind1=" " ind2=" " tag="042"><subfield code="a">msc</subfield></datafield><datafield ind1=" " ind2=" " tag="043"><subfield code="a">n-us-nb</subfield></datafield><datafield ind1="0" ind2="0" tag="050"><subfield code="a">Newspaper 8671</subfield></datafield><datafield ind1="0" ind2=" " tag="130"><subfield code="a">Nebraska City news (Nebraska City, Neb. : 1854)</subfield></datafield><datafield ind1="1" ind2="4" tag="245"><subfield code="a">The Nebraska City news.</subfield></datafield><datafield ind1="1" ind2="3" tag="246"><subfield code="a">Nebraska news</subfield></datafield><datafield ind1=" " ind2=" " tag="260"><subfield code="a">Nebraska City, N.T. [Neb.] :</subfield><subfield code="b">Henry Bradford</subfield></datafield><datafield ind1=" " ind2=" " tag="300"><subfield code="a">v. :</subfield><subfield code="b">ill. (chiefly advertisements) ;</subfield><subfield code="c">58 cm.</subfield></datafield><datafield ind1=" " ind2=" " tag="310"><subfield code="a">Weekly</subfield></datafield><datafield ind1="1" ind2=" " tag="362"><subfield code="a">Began in 1854.</subfield></datafield><datafield ind1=" " ind2=" " tag="500"><subfield code="a">Editors: H. Bradford, 1854-1855; J.S. Morton, 1855-1856.</subfield></datafield><datafield ind1=" " ind2=" " tag="588"><subfield code="a">Description based on: Vol. 1, no. 4 (Dec. 16, 1854).</subfield></datafield><datafield ind1=" " ind2="0" tag="651"><subfield code="a">Nebraska City (Neb.)</subfield><subfield code="v">Newspapers.</subfield></datafield><datafield ind1=" " ind2="7" tag="655"><subfield code="a">Newspapers.</subfield><subfield code="2">fast</subfield><subfield code="0">(OCoLC)fst01423814</subfield></datafield><datafield ind1=" " ind2="7" tag="651"><subfield code="a">Nebraska</subfield><subfield code="z">Nebraska City.</subfield><subfield code="2">fast</subfield><subfield code="0">(OCoLC)fst01218603</subfield></datafield><datafield ind1="1" ind2=" " tag="700"><subfield code="a">Bradford, Henry.</subfield></datafield><datafield ind1="1" ind2=" " tag="700"><subfield code="a">Morton, J. Sterling</subfield><subfield code="q">(Julius Sterling),</subfield><subfield code="d">1832-1902.</subfield></datafield><datafield ind1="1" ind2=" " tag="700"><subfield code="a">Morton, Thomas,</subfield><subfield code="d">1829-1887.</subfield></datafield><datafield ind1=" " ind2=" " tag="752"><subfield code="a">United States</subfield><subfield code="b">Nebraska</subfield><subfield code="c">Otoe</subfield><subfield code="d">Nebraska City.</subfield></datafield><datafield ind1="0" ind2="0" tag="785"><subfield code="t">Nebraska news</subfield><subfield code="w">(DLC)sn 93058962</subfield><subfield code="w">(OCoLC)25387630</subfield></datafield></record>